@online{GCC_vectorization,
  author  = {GCC team},
  title   = {Auto-vectorization in GCC},
  date    = {},
  url     = {https://gcc.gnu.org/projects/tree-ssa/vectorization.html},
}

@online{GCC_dev_opts,
  author  = {GCC team},
  title   = {GCC Developer Options},
  date    = {},
  url     = {https://gcc.gnu.org/onlinedocs/gcc/Developer-Options.html},
}

@online{GCC_optimize_opts,
  author  = {GCC team},
  title   = {Options That Control Optimization},
  date    = {},
  url     = {https://gcc.gnu.org/onlinedocs/gcc/Optimize-Options.html},
}

@online{GCC_x86_opts,
  author  = {GCC team},
  title   = {x86 Options},
  date    = {},
  url     = {https://gcc.gnu.org/onlinedocs/gcc/x86-Options.html},
}